
@MISC{WEBSITE:1,
    HOWPUBLISHED = "\url{https://javascript.info/}",
    AUTHOR = "The Modern Java Script T",
    TITLE = "JS",
}
@MISC{WEBSITE:2,
    HOWPUBLISHED = "\url{https://www.codewithfaraz.com/content/134/learn-how-to-create-a-minesweeper-game-with-html-css-and-javascript}",
    AUTHOR = "Faraz",
    TITLE = "Minesweeper",
}
@MISC{WEBSITE:3,
    HOWPUBLISHED = "\url{https://www.nickarocho.com/projects-index/minesweeper}",
    AUTHOR = "Nick Arocho",
    TITLE = "Minesweeper",
}
@MISC{WEBSITE:4,
    HOWPUBLISHED = "\url{https://blog.hubspot.com/website/javascript-wait}",
    AUTHOR = "Danielle Ellis",
    TITLE = "WaitFunction.js",
}
@MISC{WEBSITE:5,
    HOWPUBLISHED = "\url{https://libguides.rhul.ac.uk/referencing/latex}",
    AUTHOR = "Royal Holloway University of London",
    TITLE = "Bibliography",
}
@MISC{WEBSITE:6,
    HOWPUBLISHED = "\url{https://latex-tutorial.com/tutorials/bibtex/}",
    AUTHOR = "LaTeX-Tutorial",
    TITLE = "Bibliography",
}